%% This BibTeX bibliography file was created using BibDesk.
%% http://bibdesk.sourceforge.net/

%% Created for Jacky Cao at 2017-10-29 19:04:39 +0000 


%% Saved with string encoding Unicode (UTF-8) 



@book{mod_ast,
	Author = {Bradley W. Carroll and Dale A. Ostlie},
	Date-Added = {2017-10-29 19:00:56 +0000},
	Date-Modified = {2017-10-29 19:04:39 +0000},
	Edition = {2nd},
	Publisher = {Pearson},
	Title = {An Introduction to Modern Astrophysics},
	Year = {2007}}

@book{longair,
	Author = {Malcolm Longair},
	Date-Added = {2017-10-29 13:44:32 +0000},
	Date-Modified = {2017-10-29 16:18:29 +0000},
	Edition = {3rd },
	Publisher = {Cambridge University Press},
	Title = {High Energy Astrophysics},
	Year = {2011}}
